@article{ahu61,
         author={Arrow, Kenneth J. and Leonid Hurwicz and Hirofumi Uzawa},
         title={Constraint qualifications in maximization problems},
         journal= {Naval Research Logistics Quarterly},
         volume={8},
         year=1961,
         pages={175-191}
}

@book{ab94,
   author* = {Charalambos D. Aliprantis and Kim C. Border},
   year = {1994},
   title = {Infinite Dimensional Analysis},
   publisher = {Springer},
   address = {Berlin}
}
@article{andrianantoandro2006synthetic,
  title={Synthetic biology: new engineering rules for an emerging discipline},
  author={Andrianantoandro, Ernesto and Basu, Subhayu and Karig, David K and Weiss, Ron},
  journal={Molecular systems biology},
  volume={2},
  number={1},
  pages={2006--0028},
  year={2006},
  publisher={John Wiley \& Sons, Ltd Chichester, UK}
}
@article{brenner2018synthetic,
  title={Synthetic biology: immunotherapy by design},
  author={Brenner, Matthew J and Cho, Jang Hwan and Wong, Nicole ML and Wong, Wilson W},
  journal={Annual review of biomedical engineering},
  volume={20},
  pages={95--118},
  year={2018},
  publisher={Annual Reviews}
}
@article{chung1989one,
  title={One-step preparation of competent \textit{Escherichia coli}: transformation and storage of bacterial cells in the same solution},
  author={Chung, CT and Niemela, Suzanne L and Miller, Roger H},
  journal={Proceedings of the National Academy of Sciences},
  volume={86},
  number={7},
  pages={2172--2175},
  year={1989},
  publisher={National Acad Sciences}
}
@incollection{keller2011methods,
  title={Methods for engineering sulfate reducing bacteria of the genus Desulfovibrio},
  author={Keller, Kimberly L and Wall, Judy D and Chhabra, Swapnil},
  booktitle={Methods in enzymology},
  volume={497},
  pages={503--517},
  year={2011},
  publisher={Elsevier}
}
@article{macia2016implementation,
  title={Implementation of complex biological logic circuits using spatially distributed multicellular consortia},
  author={Macia, Javier and Manzoni, Romilde and Conde, N{\'u}ria and Urrios, Arturo and de Nadal, Eul{\`a}lia and Sol{\'e}, Ricard and Posas, Francesc},
  journal={PLoS computational biology},
  volume={12},
  number={2},
  pages={e1004685},
  year={2016},
  publisher={Public Library of Science}
}
@article{macia2017synthetic,
  title={Synthetic associative learning in engineered multicellular consortia},
  author={Macia, Javier and Vidiella, Blai and Sol{\'e}, Ricard V},
  journal={Journal of The Royal Society Interface},
  volume={14},
  number={129},
  pages={20170158},
  year={2017},
  publisher={The Royal Society}
}

@article{millacura2018biologic,
  title={BioLogic, a parallel approach to cell-based logic gates},
  author={Millacura, Felipe A and Largey, Brendan and French, Christopher E},
  journal={bioRxiv},
  pages={303032},
  year={2018},
  publisher={Cold Spring Harbor Laboratory}
}
@article{nielsen2014multi,
  title={Multi-input CRISPR/Cas genetic circuits that interface host regulatory networks},
  author={Nielsen, Alec AK and Voigt, Christopher A},
  journal={Molecular systems biology},
  volume={10},
  number={11},
  year={2014},
  publisher={John Wiley \& Sons, Ltd}
}
@article{regot2011distributed,
  title={Distributed biological computation with multicellular engineered networks},
  author={Regot, Sergi and Macia, Javier and Conde, N{\'u}ria and Furukawa, Kentaro and Kjell{\'e}n, Jimmy and Peeters, Tom and Hohmann, Stefan and De Nadal, Eul{\~a}lia and Posas, Francesc and Sol{\'e}, Ricard},
  journal={Nature},
  volume={469},
  number={7329},
  pages={207},
  year={2011},
  publisher={Nature Publishing Group}
}
@article{roquet2016synthetic,
  title={Synthetic recombinase-based state machines in living cells},
  author={Roquet, Nathaniel and Soleimany, Ava P and Ferris, Alyssa C and Aaronson, Scott and Lu, Timothy K},
  journal={Science},
  volume={353},
  number={6297},
  pages={aad8559},
  year={2016},
  publisher={American Association for the Advancement of Science}
}
@article{shipman2017crispr,
  title={CRISPR--Cas encoding of a digital movie into the genomes of a population of living bacteria},
  author={Shipman, Seth L and Nivala, Jeff and Macklis, Jeffrey D and Church, George M},
  journal={Nature},
  volume={547},
  number={7663},
  pages={345},
  year={2017},
  publisher={Nature Publishing Group}
}
@article{silva2008mining,
  title={Mining logic gates in prokaryotic transcriptional regulation networks},
  author={Silva-Rocha, Rafael and de Lorenzo, V{\'\i}ctor},
  journal={FEBS letters},
  volume={582},
  number={8},
  pages={1237--1244},
  year={2008},
  publisher={Wiley Online Library}
}
@article{silva2012standard,
  title={The Standard European Vector Architecture (SEVA): a coherent platform for the analysis and deployment of complex prokaryotic phenotypes},
  author={Silva-Rocha, Rafael and Mart{\'\i}nez-Garc{\'\i}a, Esteban and Calles, Belen and Chavarr{\'\i}a, Max and Arce-Rodr{\'\i}guez, Alejandro and de las Heras, Aitor and Paez-Espino, A David and Durante-Rodr{\'\i}guez, Gonzalo and Kim, Juhyun and Nikel, Pablo I and others},
  journal={Nucleic acids research},
  volume={41},
  number={D1},
  pages={D666--D675},
  year={2012},
  publisher={Oxford University Press}
}
@article{siuti2013synthetic,
  title={Synthetic circuits integrating logic and memory in living cells},
  author={Siuti, Piro and Yazbek, John and Lu, Timothy K},
  journal={Nature biotechnology},
  volume={31},
  number={5},
  pages={448},
  year={2013},
  publisher={Nature Publishing Group}
}

@article{millacura2019parallel,
  title={ParAlleL: a novel population-based approach to biological logic gates},
  author={Millacura, Felipe A and Largey, Brendan and French, Christopher E},
  journal={Frontiers in Bioengineering and Biotechnology},
  volume={7},
  pages={46},
  year={2019},
  publisher={Frontiers}
}
@article{millacura2018unintentional,
  title={Unintentional Genomic Changes Endow \textit{Cupriavidus metallidurans} with an Augmented Heavy-Metal Resistance},
  author={Millacura, Felipe and Janssen, Paul and Monsieurs, Pieter and Janssen, Ann and Provoost, Ann and Van Houdt, Rob and Rojas, Luis},
  journal={Genes},
  volume={9},
  number={11},
  pages={551},
  year={2018},
  publisher={Multidisciplinary Digital Publishing Institute}
}
@article{zhang2016dna,
  title={DNA sequential logic gate using two-ring DNA},
  author={Zhang, Cheng and Shen, Linjing and Liang, Chao and Dong, Yafei and Yang, Jing and Xu, Jin},
  journal={ACS applied materials \& interfaces},
  volume={8},
  number={14},
  pages={9370--9376},
  year={2016},
  publisher={ACS Publications}
}
@article{kikuchi2016split,
  title={Split spinach aptamer for highly selective recognition of DNA and RNA at ambient temperatures},
  author={Kikuchi, Nanami and Kolpashchikov, Dmitry M},
  journal={ChemBioChem},
  volume={17},
  number={17},
  pages={1589--1592},
  year={2016},
  publisher={Wiley Online Library}
}
@article{guz2016bioelectronic,
  title={Bioelectronic interface connecting reversible logic gates based on enzyme and DNA reactions},
  author={Guz, Nataliia and Fedotova, Tatiana A and Fratto, Brian E and Schlesinger, Orr and Alfonta, Lital and Kolpashchikov, Dmitry M and Katz, Evgeny},
  journal={ChemPhysChem},
  volume={17},
  number={14},
  pages={2247--2255},
  year={2016},
  publisher={Wiley Online Library}
}
@article{li2016c,
  title={C-Brick: a new standard for assembly of biological parts using Cpf1},
  author={Li, Shi-Yuan and Zhao, Guo-Ping and Wang, Jin},
  journal={ACS synthetic biology},
  volume={5},
  number={12},
  pages={1383--1388},
  year={2016},
  publisher={ACS Publications}
}
@article{li2018crispr,
  title={CRISPR-Cas12a has both cis-and trans-cleavage activities on single-stranded DNA},
  author={Li, Shi-Yuan and Cheng, Qiu-Xiang and Liu, Jia-Kun and Nie, Xiao-Qun and Zhao, Guo-Ping and Wang, Jin},
  journal={Cell research},
  volume={28},
  number={4},
  pages={491},
  year={2018},
  publisher={Nature Publishing Group}
}
@article{li2018cads,
  title={CADS: CRISPR/Cas12a-Assisted DNA Steganography for Securing the Storage and Transfer of DNA-Encoded Information},
  author={Li, Shi-Yuan and Liu, Jia-Kun and Zhao, Guo-Ping and Wang, Jin},
  journal={ACS synthetic biology},
  volume={7},
  number={4},
  pages={1174--1178},
  year={2018},
  publisher={ACS Publications}
}
@article{li2018crispr,
  title={CRISPR-Cas12a-assisted nucleic acid detection},
  author={Li, Shi-Yuan and Cheng, Qiu-Xiang and Wang, Jing-Man and Li, Xiao-Yan and Zhang, Zi-Long and Gao, Song and Cao, Rui-Bing and Zhao, Guo-Ping and Wang, Jin},
  journal={Cell discovery},
  volume={4},
  number={1},
  pages={20},
  year={2018},
  publisher={Nature Publishing Group}
}
@article{otoupal2016crispr,
  title={CRISPR perturbation of gene expression alters bacterial fitness under stress and reveals underlying epistatic constraints},
  author={Otoupal, Peter B and Erickson, Keesha E and Escalas-Bordoy, Antoni and Chatterjee, Anushree},
  journal={ACS synthetic biology},
  volume={6},
  number={1},
  pages={94--107},
  year={2016},
  publisher={ACS Publications}
}
@article{montero2017synthesis,
  title={Synthesis of extracellular gold nanoparticles using \textit{Cupriavidus metallidurans} CH34 cells},
  author={Montero-Silva, Francisco and Dur{\'a}n, Nelson and Seeger, Michael},
  journal={IET nanobiotechnology},
  volume={12},
  number={1},
  pages={40--46},
  year={2017},
  publisher={IET}
}
@article{bernhard2013cell,
  title={Cell-free expression—making a mark},
  author={Bernhard, Frank and Tozawa, Yuzuru},
  journal={Current opinion in structural biology},
  volume={23},
  number={3},
  pages={374--380},
  year={2013},
  publisher={Elsevier}
}

@article{zetsche2015cpf1,
  title={Cpf1 is a single RNA-guided endonuclease of a class 2 CRISPR-Cas system},
  author={Zetsche, Bernd and Gootenberg, Jonathan S and Abudayyeh, Omar O and Slaymaker, Ian M and Makarova, Kira S and Essletzbichler, Patrick and Volz, Sara E and Joung, Julia and Van Der Oost, John and Regev, Aviv and others},
  journal={Cell},
  volume={163},
  number={3},
  pages={759--771},
  year={2015},
  publisher={Elsevier}
}
@article{chen2018crispr,
  title={CRISPR-Cas12a target binding unleashes indiscriminate single-stranded DNase activity},
  author={Chen, Janice S and Ma, Enbo and Harrington, Lucas B and Da Costa, Maria and Tian, Xinran and Palefsky, Joel M and Doudna, Jennifer A},
  journal={Science},
  volume={360},
  number={6387},
  pages={436--439},
  year={2018},
  publisher={American Association for the Advancement of Science}
}
@article{song2014plug,
  title={Plug-and-play fluorophores extend the spectral properties of Spinach},
  author={Song, Wenjiao and Strack, Rita L and Svensen, Nina and Jaffrey, Samie R},
  journal={Journal of the American Chemical Society},
  volume={136},
  number={4},
  pages={1198--1201},
  year={2014},
  publisher={ACS Publications}
}

@article{jusiak2016engineering,
  title={Engineering synthetic gene circuits in living cells with CRISPR technology},
  author={Jusiak, Barbara and Cleto, Sara and Perez-Pinera, Pablo and Lu, Timothy K},
  journal={Trends in biotechnology},
  volume={34},
  number={7},
  pages={535--547},
  year={2016},
  publisher={Elsevier}
}
@article{kwon2015high,
  title={High-throughput preparation methods of crude extract for robust cell-free protein synthesis},
  author={Kwon, Yong-Chan and Jewett, Michael C},
  journal={Scientific reports},
  volume={5},
  pages={8663},
  year={2015},
  publisher={Nature Publishing Group}
}
@article{kim1996highly,
  title={A highly efficient cell-free protein synthesis system from \textit{Escherichia coli}},
  author={Kim, Dong-Myung and Kigawa, Takanori and Choi, Cha-Yong and Yokoyama, Shigeyuki},
  journal={European Journal of Biochemistry},
  volume={239},
  number={3},
  pages={881--886},
  year={1996},
  publisher={Wiley Online Library}
}
@article{moore2017cell,
  title={Cell-free synthetic biology for in vitro prototype engineering},
  author={Moore, Simon J and MacDonald, James T and Freemont, Paul S},
  journal={Biochemical Society Transactions},
  volume={45},
  number={3},
  pages={785--791},
  year={2017},
  publisher={Portland Press Limited}
}
@article{shin2012genome,
  title={Genome replication, synthesis, and assembly of the bacteriophage T7 in a single cell-free reaction},
  author={Shin, Jonghyeon and Jardine, Paul and Noireaux, Vincent},
  journal={ACS synthetic biology},
  volume={1},
  number={9},
  pages={408--413},
  year={2012},
  publisher={ACS Publications}
}
@inproceedings{chatterjee2016computing,
  title={Computing in ribosomes: Implementing sequential circuits using mrna-ribosome system},
  author={Chatterjee, Pratima and Sarkar, Mayukh and Ghosal, Prasun},
  booktitle={2016 IEEE International Symposium on Nanoelectronic and Information Systems (iNIS)},
  pages={230--235},
  year={2016},
  organization={IEEE}
}
@article{holzinger2014nanomaterials,
  title={Nanomaterials for biosensing applications: a review},
  author={Holzinger, Michael and Le Goff, Alan and Cosnier, Serge},
  journal={Frontiers in chemistry},
  volume={2},
  pages={63},
  year={2014},
  publisher={Frontiers}
}
@article{nissim2014multiplexed,
  title={Multiplexed and programmable regulation of gene networks with an integrated RNA and CRISPR/Cas toolkit in human cells},
  author={Nissim, Lior and Perli, Samuel D and Fridkin, Alexandra and Perez-Pinera, Pablo and Lu, Timothy K},
  journal={Molecular cell},
  volume={54},
  number={4},
  pages={698--710},
  year={2014},
  publisher={Elsevier}
}

@article{filonov2014broccoli,
  title={Broccoli: rapid selection of an RNA mimic of green fluorescent protein by fluorescence-based selection and directed evolution},
  author={Filonov, Grigory S and Moon, Jared D and Svensen, Nina and Jaffrey, Samie R},
  journal={Journal of the American Chemical Society},
  volume={136},
  number={46},
  pages={16299--16308},
  year={2014},
  publisher={ACS Publications}
}
@article{filonov2015gel,
  title={In-gel imaging of RNA processing using broccoli reveals optimal aptamer expression strategies},
  author={Filonov, Grigory S and Kam, Christina W and Song, Wenjiao and Jaffrey, Samie R},
  journal={Chemistry \& biology},
  volume={22},
  number={5},
  pages={649--660},
  year={2015},
  publisher={Elsevier}
}
@article{strack2014using,
  title={Using Spinach-based sensors for fluorescence imaging of intracellular metabolites and proteins in living bacteria},
  author={Strack, Rita L and Song, Wenjiao and Jaffrey, Samie R},
  journal={Nature protocols},
  volume={9},
  number={1},
  pages={146},
  year={2014},
  publisher={Nature Publishing Group}
}
@article{carlson2012cell,
  title={Cell-free protein synthesis: applications come of age},
  author={Carlson, Erik D and Gan, Rui and Hodgman, C Eric and Jewett, Michael C},
  journal={Biotechnology advances},
  volume={30},
  number={5},
  pages={1185--1194},
  year={2012},
  publisher={Elsevier}
}
@article{kim2000prolonging,
  title={Prolonging cell-free protein synthesis by selective reagent additions},
  author={Kim, Dong-Myung and Swartz, James R},
  journal={Biotechnology progress},
  volume={16},
  number={3},
  pages={385--390},
  year={2000},
  publisher={Wiley Online Library}
}
@article{calhoun2005economical,
  title={An economical method for cell-free protein synthesis using glucose and nucleoside monophosphates},
  author={Calhoun, Kara A and Swartz, James R},
  journal={Biotechnology progress},
  volume={21},
  number={4},
  pages={1146--1153},
  year={2005},
  publisher={Wiley Online Library}
}
@incollection{jaffrey2018rna,
  title={RNA-based fluorescent biosensors for detecting metabolites in vitro and in living cells},
  author={Jaffrey, Samie R},
  booktitle={Advances in Pharmacology},
  volume={82},
  pages={187--203},
  year={2018},
  publisher={Elsevier}
}
@article{bordoy2016transcriptional,
  title={Transcriptional interference in convergent promoters as a means for tunable gene expression},
  author={Bordoy, Antoni E and Varanasi, Usha S and Courtney, Colleen M and Chatterjee, Anushree},
  journal={ACS synthetic biology},
  volume={5},
  number={12},
  pages={1331--1341},
  year={2016},
  publisher={ACS Publications}
}
@article{shis2014modular,
  title={Modular, multi-input transcriptional logic gating with orthogonal LacI/GalR family chimeras},
  author={Shis, David L and Hussain, Faiza and Meinhardt, Sarah and Swint-Kruse, Liskin and Bennett, Matthew R},
  journal={ACS synthetic biology},
  volume={3},
  number={9},
  pages={645--651},
  year={2014},
  publisher={ACS Publications}
}
@article{strack2013superfolding,
  title={A superfolding Spinach2 reveals the dynamic nature of trinucleotide repeat--containing RNA},
  author={Strack, Rita L and Disney, Matthew D and Jaffrey, Samie R},
  journal={Nature methods},
  volume={10},
  number={12},
  pages={1219},
  year={2013},
  publisher={Nature Publishing Group}
}
@article{zhang2017multiplex,
  title={Multiplex gene regulation by CRISPR-ddCpf1},
  author={Zhang, Xiaochun and Wang, Jingman and Cheng, Qiuxiang and Zheng, Xuan and Zhao, Guoping and Wang, Jin},
  journal={Cell discovery},
  volume={3},
  pages={17018},
  year={2017},
  publisher={Nature Publishing Group}
}
@article{li2018crispr,
  title={CRISPR-Cpf1-assisted multiplex genome editing and transcriptional repression in Streptomyces},
  author={Li, Lei and Wei, Keke and Zheng, Guosong and Liu, Xiaocao and Chen, Shaoxin and Jiang, Weihong and Lu, Yinhua},
  journal={Appl. Environ. Microbiol.},
  volume={84},
  number={18},
  pages={e00827--18},
  year={2018},
  publisher={Am Soc Microbiol}
}
@article{Pothoulakis2015a,
title = {{Using spinach aptamer to correlate mRNA and protein levels in \textit{Escherichia coli}}},
author = {Pothoulakis, Georgios and Ellis, Tom},
journal = {Methods Enzymol.},
volume={550},
number={9},
pages={173-185},
year={2015},
publisher={Am Soc Microbiol}
}
@article{Lei2017a,
title = {{The CCTL (Cpf1-assisted Cutting and Taq DNA ligase-assisted Ligation) method for efficient editing of large DNA constructs in vitro}},
author = {Lei, Chao and Li, Shi Yuan and Liu, Jia Kun and Zheng, Xuan and Zhao, Guo Ping and Jin, Wang},
journal = {Nucleic Acids Res.},
volume = {45},
number = {9},
pages = {gkx018},
year = {2017},
publisher = {Oxford University Press},
}
@article{Hampikian,
title = {{Absent sequences: nullomers and primes.}},
author = {Hampikian, Greg and Andersen, Tim},
journal = {Pac. Symp. Biocomput.},
pmid = {17990505},
volume = {366},
pages = {355--66},
year = {2007}
}
@article{CHATTERJEE2008475,
title = "Tweaking biological switches through a better understanding of bistability behavior",
author = "Anushree Chatterjee and Yiannis N. Kaznessis and Wei-Shou Hu",
journal = "Current Opinion in Biotechnology",
volume = "19",
number = "5",
pages = "475 - 481",
year = "2008",
}
@article{doi:10.1002/bit.26938,
title = {Improved CRISPR-Cas12a-assisted one-pot DNA editing method enables seamless DNA editing},
author = {Wang, Liping and Wang, Haojun and Liu, Huayi and Zhao, Qiyuan and Liu, Bing and Wang, Lian and Zhang, Jun and Zhu, Jie and Bao, Rui and Luo, Yunzi},
journal = {Biotechnology and Bioengineering},
volume = {116},
number = {6},
pages = {1463-1474},
year = {2019}
}
@article {MooreE4340,
title = {Rapid acquisition and model-based analysis of cell-free transcription{\textendash}translation reactions from nonmodel bacteria},
author = {Moore, Simon J. and MacDonald, James T. and Wienecke, Sarah and Ishwarbhai, Alka and Tsipa, Argyro and Aw, Rochelle and Kylilis, Nicolas and Bell, David J. and McClymont, David W. and Jensen, Kirsten and Polizzi, Karen M. and Biedendieck, Rebekka and Freemont, Paul S.},
journal = {Proceedings of the National Academy of Sciences},
volume = {115},
number = {19},
pages = {E4340--E4349},
year = {2018},
publisher = {National Academy of Sciences},
}
@article{DasGupta2015a,
title = {{Spinach RNA aptamer detects lead(ii) with high selectivity}},
author = {Dasgupta, Saurja and Shelke, Sandip A. and Li, Nan Sheng and Piccirilli, Joseph A.},
journal = {Chem. Commun.},
volume = {51},
number = {43},
pages = {9034--9037},
year = {2015},
publisher = {The Royal Society of Chemistry},
}
@article{li2018cads,
  title={CADS: CRISPR/Cas12a-Assisted DNA Steganography for Securing the Storage and Transfer of DNA-Encoded Information},
  author={Li, Shi-Yuan and Liu, Jia-Kun and Zhao, Guo-Ping and Wang, Jin},
  journal={ACS synthetic biology},
  volume={7},
  number={4},
  pages={1174--1178},
  year={2018},
  publisher={ACS Publications}
}
@article{mohanraju2018heterologous,
  title={Heterologous Expression and Purification of CRISPR-Cas12a/Cpf1},
  author={Mohanraju, Prarthana and van der Oost, John and Jinek, Martin and Swarts, Daan C},
  journal={Bio-protocol},
  volume={8},
  number={9},
  year={2018}
}
@article{wang2019improved,
  title={Improved CRISPR-Cas12a-assisted one-pot DNA editing method enables seamless DNA editing},
  author={Wang, Liping and Wang, Haojun and Liu, Huayi and Zhao, Qiyuan and Liu, Bing and Wang, Lian and Zhang, Jun and Zhu, Jie and Bao, Rui and Luo, Yunzi},
  journal={Biotechnology and bioengineering},
  volume={116},
  number={6},
  pages={1463--1474},
  year={2019},
  publisher={Wiley Online Library}
}
@article{watson1953molecular,
  title={Molecular structure of nucleic acids: a structure for deoxyribose nucleic acid},
  author={Watson, James D and Crick, Francis HC},
  journal={Nature},
  volume={171},
  number={4356},
  pages={737--738},
  year={1953},
  publisher={Nature Publishing Group}
}
@article{miller1970visualization,
  title={Visualization of bacterial genes in action},
  author={Miller, OL and Hamkalo, Barbara A and Thomas, CA},
  journal={Science},
  volume={169},
  number={3943},
  pages={392--395},
  year={1970},
  publisher={American Association for the Advancement of Science}
}

@book{leduc1912biologie,
  title={La biologie synth{\'e}tique},
  author={Leduc, St{\'e}phane},
  volume={2},
  year={1912},
  publisher={A. Poinat}
}

@article{lehman1958enzymatic,
  title={Enzymatic synthesis of deoxyribonucleic acid I. Preparation of substrates and partial purification of an enzyme from \textit{Escherichia coli}},
  author={Lehman, I Robert and Bessman, Maurice J and Simms, Ernest S and Kornberg, Arthur},
  journal={Journal of Biological Chemistry},
  volume={233},
  number={1},
  pages={163--170},
  year={1958},
  publisher={Citeseer}
}
@article{shimomura1962extraction,
  title={Extraction, purification and properties of aequorin, a bioluminescent protein from the luminous hydromedusan, Aequorea},
  author={Shimomura, Osamu and Johnson, Frank H and Saiga, Yo},
  journal={Journal of cellular and comparative physiology},
  volume={59},
  number={3},
  pages={223--239},
  year={1962},
  publisher={Wiley Online Library}
}

@article{arber1962host,
  title     = {Host specificity of DNA produced by \textit{Escherichia coli}: I. Host controlled modification of bacteriophage $\lambda$},
  author    = {Arber, Werner and Dussoix, Daisy},
  journal   = {Journal of molecular biology},
  volume    = {5},
  number    = {1},
  pages     = {18--36},
  year      = {1962},
  publisher = {Elsevier}
}
@article{smith1973suggested,
  title     = {A suggested nomenclature for bacterial host modification and restriction systems and their enzymes},
  author    = {Smith, Hamilton O and Nathans, Daniel},
  journal   = {Journal of molecular biology},
  volume    = {81},
  number    = {3},
  pages     = {419--423},
  year      = {1973},
  publisher = {Elsevier}
}
@article{rigby1977labeling,
  title     = {Labeling deoxyribonucleic acid to high specific activity in vitro by nick translation with DNA polymerase I},
  author    = {Rigby, Peter WJ and Dieckmann, Marianne and Rhodes, Carl and Berg, Paul},
  journal   = {Journal of molecular biology},
  volume    = {113},
  number    = {1},
  pages     = {237--251},
  year      = {1977},
  publisher = {Elsevier}
}
@article{jackson1972biochemical,
  title     = {Biochemical method for inserting new genetic information into DNA of Simian Virus 40: circular SV40 DNA molecules containing lambda phage genes and the galactose operon of \textit{Escherichia coli}},
  author    = {Jackson, David A and Symons, Robert H and Berg, Paul},
  journal   = {Proceedings of the National Academy of Sciences},
  volume    = {69},
  number    = {10},
  pages     = {2904--2909},
  year      = {1972},
  publisher = {National Acad Sciences}
}
@article{danna1971specific,
  title     = {Specific cleavage of simian virus 40 DNA by restriction endonuclease of Hemophilus influenzae},
  author    = {Danna, Kathleen and Nathans, Daniel},
  journal   = {Proceedings of the National Academy of Sciences},
  volume    = {68},
  number    = {12},
  pages     = {2913--2917},
  year      = {1971},
  publisher = {National Acad Sciences}
}
@article{cohen1973construction,
  title     = {Construction of biologically functional bacterial plasmids in vitro},
  author    = {Cohen, Stanley N and Chang, Annie CY and Boyer, Herbert W and Helling, Robert B},
  journal   = {Proceedings of the National Academy of Sciences},
  volume    = {70},
  number    = {11},
  pages     = {3240--3244},
  year      = {1973},
  publisher = {National Acad Sciences}
}
@article{knoll2015paleobiological,
  title={Paleobiological perspectives on early microbial evolution},
  author={Knoll, Andrew H},
  journal={Cold Spring Harbor perspectives in biology},
  volume={7},
  number={7},
  pages={a018093},
  year={2015},
  publisher={Cold Spring Harbor Lab}
}
@article{springael2004horizontal,
  title={Horizontal gene transfer and microbial adaptation to xenobiotics: new types of mobile genetic elements and lessons from ecological studies},
  author={Springael, Dirk and Top, Eva M},
  journal={Trends in microbiology},
  volume={12},
  number={2},
  pages={53--58},
  year={2004},
  publisher={Elsevier}
}
@article{cao2012characterization,
  title={Characterization of a newly isolated highly effective 3, 5, 6-trichloro-2-pyridinol degrading strain \textit{Cupriavidus pauculus} P2},
  author={Cao, Li and Liu, Hongming and Zhang, Hao and Huang, Ke and Gu, Tao and Ni, Haiyan and Hong, Qing and Li, Shunpeng},
  journal={Current microbiology},
  volume={65},
  number={3},
  pages={231--236},
  year={2012},
  publisher={Springer}
}
@article{ilori2015catabolic,
  title={Catabolic plasmid specifying polychlorinated biphenyl degradation in \textit{Cupriavidus} sp. strain SK-4: Mobilization and expression in a pseudomonad},
  author={Ilori, Matthew O and Picardal, Flynn W and Aramayo, Rodolfo and Adebusoye, Sunday A and Obayori, Olufemi S and Benedik, Michael J},
  journal={Journal of basic microbiology},
  volume={55},
  number={3},
  pages={338--345},
  year={2015},
  publisher={Wiley Online Library}
}
@incollection{mergeay2014adaptation,
  title={Adaptation to xenobiotics and toxic compounds by \textit{Cupriavidus} and \textit{Ralstonia} with special reference to \textit{Cupriavidus metallidurans} CH34 and mobile genetic elements},
  author={Mergeay, Max and Van Houdt, Rob},
  booktitle={Biodegradative Bacteria},
  pages={105--127},
  year={2014},
  publisher={Springer}
}
@article{nies1999microbial,
  title={Microbial heavy-metal resistance},
  author={Nies, Dietrich H},
  journal={Applied microbiology and biotechnology},
  volume={51},
  number={6},
  pages={730--750},
  year={1999},
  publisher={Springer}
}
@article{mergeay2000bacteria,
  title={Bacteria adapted to industrial biotopes: metal-resistant \textit{Ralstonia}},
  author={Mergeay, M},
  journal={Bacterial stress responses},
  volume={26},
  pages={403--414},
  year={2000},
  publisher={Chap}
}
@incollection{sobecky2009horizontal,
  title={Horizontal gene transfer in metal and radionuclide contaminated soils},
  author={Sobecky, Patricia A and Coombs, Jonna M},
  booktitle={Horizontal Gene Transfer},
  pages={455--472},
  year={2009},
  publisher={Springer}
}
@article{pohlmann2006genome,
  title={Genome sequence of the bioplastic-producing “Knallgas” bacterium \textit{Ralstonia eutropha} H16},
  author={Pohlmann, Anne and Fricke, Wolfgang Florian and Reinecke, Frank and Kusian, Bernhard and Liesegang, Heiko and Cramm, Rainer and Eitinger, Thomas and Ewering, Christian and P{\"o}tter, Markus and Schwartz, Edward and others},
  journal={Nature biotechnology},
  volume={24},
  number={10},
  pages={1257--1262},
  year={2006},
  publisher={Nature Publishing Group}
}
@article{amadou2008genome,
  title={Genome sequence of the $\beta$-rhizobium \textit{Cupriavidus taiwanensis} and comparative genomics of rhizobia},
  author={Amadou, Claire and Pascal, G{\'e}raldine and Mangenot, Sophie and Glew, Michelle and Bontemps, Cyril and Capela, Delphine and Carr{\`e}re, S{\'e}bastien and Cruveiller, St{\'e}phane and Dossat, Carole and Lajus, Aur{\'e}lie and others},
  journal={Genome Research},
  volume={18},
  number={9},
  pages={1472--1483},
  year={2008},
  publisher={Cold Spring Harbor Lab}
}
@article{janssen2010complete,
  title={The complete genome sequence of \textit{Cupriavidus metallidurans} strain CH34, a master survivalist in harsh and anthropogenic environments},
  author={Janssen, Paul J and Van Houdt, Rob and Moors, Hugo and Monsieurs, Pieter and Morin, Nicolas and Michaux, Arlette and Benotmane, Mohammed A and Leys, Natalie and Vallaeys, Tatiana and Lapidus, Alla and others},
  journal={PLoS One},
  volume={5},
  number={5},
  pages={e10433},
  year={2010},
  publisher={Public Library of Science}
}
@article{lykidis2010complete,
  title={The complete multipartite genome sequence of \textit{Cupriavidus necator} JMP134, a versatile pollutant degrader},
  author={Lykidis, Athanasios and Perez-Pantoja, Danilo and Ledger, Thomas and Mavromatis, Kostantinos and Anderson, Iain J and Ivanova, Natalia N and Hooper, Sean D and Lapidus, Alla and Lucas, Susan and Gonzalez, Bernardo and others},
  journal={PloS one},
  volume={5},
  number={3},
  pages={e9729},
  year={2010},
  publisher={Public Library of Science}
}
@misc{poehlein2011complete,
  title={Complete genome sequence of the type strain \textit{Cupriavidus necator} N-1},
  author={Poehlein, Anja and Kusian, Bernhard and Friedrich, B{\"a}rbel and Daniel, Rolf and Bowien, Botho},
  year={2011},
  publisher={Am Soc Microbiol}
}
@misc{cserhati2012novo,
  title={De novo genome project of \textit{Cupriavidus basilensis} OR16},
  author={Cserh{\'a}ti, M{\'a}ty{\'a}s and Kriszt, Bal{\'a}zs and Szoboszlay, S{\'a}ndor and T{\'o}th, {\'A}kos and Szab{\'o}, Istv{\'a}n and T{\'a}ncsics, Andr{\'a}s and Nagy, Istv{\'a}n and Horv{\'a}th, Bal{\'a}zs and Kukolya, J{\'o}zsef},
  year={2012},
  publisher={Am Soc Microbiol}
}
@misc{hong2012whole,
  title={Whole-genome sequence of \textit{Cupriavidus} sp. strain BIS7, a heavy-metal-resistant bacterium},
  author={Hong, Kar Wai and Gan, Han Ming and Yin, Wai-Fong and Chan, Kok-Gan and others},
  year={2012},
  publisher={Am Soc Microbiol}
}
@article{li2013genome,
  title={Genome of \textit{Cupriavidus} sp. HMR-1, a heavy metal-resistant bacterium},
  author={Li, Li-Guan and Cai, Lin and Zhang, Tong},
  journal={Genome Announcements},
  volume={1},
  number={1},
  year={2013},
  publisher={Am Soc Microbiol}
}
@article{ray2015complete,
  title={Complete genome sequence of \textit{Cupriavidus basilensis} 4G11, isolated from the Oak Ridge field research center site},
  author={Ray, Jayashree and Waters, R Jordan and Skerker, Jeffrey M and Kuehl, Jennifer V and Price, Morgan N and Huang, Jiawen and Chakraborty, Romy and Arkin, Adam P and Deutschbauer, Adam},
  journal={Genome announcements},
  volume={3},
  number={3},
  year={2015},
  publisher={Am Soc Microbiol}
}
@article{wang2015genome,
  title={Genome sequence analysis of the naphthenic acid degrading and metal resistant bacterium \textit{Cupriavidus gilardii} CR3},
  author={Wang, Xiaoyu and Chen, Meili and Xiao, Jingfa and Hao, Lirui and Crowley, David E and Zhang, Zhewen and Yu, Jun and Huang, Ning and Huo, Mingxin and Wu, Jiayan},
  journal={PLoS One},
  volume={10},
  number={8},
  pages={e0132881},
  year={2015},
  publisher={Public Library of Science}
}
@article{fang2016complete,
  title={Complete genome sequence of a novel chlorpyrifos degrading bacterium, \textit{Cupriavidus nantongensis} X1},
  author={Fang, Lian-Cheng and Chen, Yi-Fei and Wang, Dao-Sheng and Sun, Le-Ni and Tang, Xin-Yun and Hua, Ri-Mao and others},
  journal={Journal of Biotechnology},
  volume={227},
  pages={1--2},
  year={2016},
  publisher={Elsevier}
}
@article{mergeay2003ralstonia,
  title={\textit{Ralstonia metallidurans}, a bacterium specifically adapted to toxic metals: towards a catalogue of metal-responsive genes},
  author={Mergeay, Max and Monchy, S{\'e}bastien and Vallaeys, Tatiana and Auquier, Vanessa and Benotmane, Abderrafi and Bertin, Philippe and Taghavi, Safiyh and Dunn, John and Van Der Lelie, Daniel and Wattiez, Ruddy},
  journal={FEMS microbiology reviews},
  volume={27},
  number={2-3},
  pages={385--410},
  year={2003},
  publisher={Blackwell Publishing Ltd Oxford, UK}
}
@article{monchy2007plasmids,
  title={Plasmids pMOL28 and pMOL30 of \textit{Cupriavidus metallidurans} are specialized in the maximal viable response to heavy metals},
  author={Monchy, S{\'e}bastien and Benotmane, Mohammed A and Janssen, Paul and Vallaeys, Tatiana and Taghavi, Safiyh and Van Der Lelie, Daniel and Mergeay, Max},
  journal={Journal of bacteriology},
  volume={189},
  number={20},
  pages={7417--7425},
  year={2007},
  publisher={Am Soc Microbiol}
}
@article{avoscan2007uranium,
  title={Uranium and selenium resistance in \textit{Cupriavidus metallidurans} CH34},
  author={Avoscan, Laure and Untereiner, Guillaume and Carriere, M and Gouget, B and Degrouard, J},
  journal={Toxicology Letters},
  volume={172},
  number={suppl. 1},
  pages={S157},
  year={2007}
}
@article{monsieurs2011heavy,
  title={Heavy metal resistance in \textit{Cupriavidus metallidurans} CH34 is governed by an intricate transcriptional network},
  author={Monsieurs, Pieter and Moors, Hugo and Van Houdt, Rob and Janssen, Paul J and Janssen, Ann and Coninx, Ilse and Mergeay, Max and Leys, Natalie},
  journal={Biometals},
  volume={24},
  number={6},
  pages={1133--1151},
  year={2011},
  publisher={Springer}
}
@article{salem2013strontium,
  title={Strontium-induced genomic responses of \textit{Cupriavidus metallidurans} and strontium bioprecipitation as strontium carbonate},
  author={Salem, Issam Ben and Sghaier, Ha{\"\i}tham and Monsieurs, Pieter and Moors, Hugo and Van Houdt, Rob and Fattouch, Sami and Saidi, Mouldi and Landolsi, Ahmed and Leys, Natalie},
  journal={Annals of Microbiology},
  volume={63},
  number={3},
  pages={833--844},
  year={2013},
  publisher={Springer}
}
@incollection{van2015genomic,
  title={Genomic context of metal response genes in \textit{Cupriavidus metallidurans} with a focus on strain CH34},
  author={Van Houdt, Rob and Mergeay, Max},
  booktitle={Metal Response in Cupriavidus metallidurans},
  pages={21--44},
  year={2015},
  publisher={Springer}
}
@incollection{vandenbussche2015metal,
  title={Metal response in \textit{Cupriavidus metallidurans}: Insights into the structure-function relationship of proteins},
  author={Vandenbussche, Guy and Mergeay, Max and Van Houdt, Rob},
  booktitle={Metal Response in Cupriavidus Metallidurans},
  pages={1--70},
  year={2015},
  publisher={Springer}
}
@article{nies2016biological,
  title={The biological chemistry of the transition metal “transportome” of \textit{Cupriavidus metallidurans}},
  author={Nies, Dietrich H},
  journal={Metallomics},
  volume={8},
  number={5},
  pages={481--507},
  year={2016},
  publisher={Royal Society of Chemistry}
}
@article{millacura2017degradation,
  title={Degradation of benzene by the heavy-metal resistant bacterium \textit{Cupriavidus metallidurans} CH34 reveals its catabolic potential for aromatic compounds},
  author={Millacura, Felipe A and C{\'a}rdenas, Franco and Mendez, Valentina and Seeger, Michael and Rojas, Luis A},
  journal={bioRxiv},
  pages={164517},
  year={2017},
  publisher={Cold Spring Harbor Laboratory}
}
@article{smalla2006increased,
  title={Increased abundance of IncP-1$\beta$ plasmids and mercury resistance genes in mercury-polluted river sediments: first discovery of IncP-1$\beta$ plasmids with a complex mer transposon as the sole accessory element},
  author={Smalla, Kornelia and Haines, Anthony S and Jones, Karen and Kr{\"o}gerrecklenfort, Ellen and Heuer, Holger and Schloter, Michael and Thomas, Christopher M},
  journal={Applied and Environmental Microbiology},
  volume={72},
  number={11},
  pages={7253--7259},
  year={2006},
  publisher={Am Soc Microbiol}
}
@article{rojas2011characterization,
  title={Characterization of the metabolically modified heavy metal-resistant \textit{Cupriavidus metallidurans} strain MSR33 generated for mercury bioremediation},
  author={Rojas, Luis A and Y{\'a}{\~n}ez, Carolina and Gonz{\'a}lez, Myriam and Lobos, Soledad and Smalla, Kornelia and Seeger, Michael},
  journal={PloS one},
  volume={6},
  number={3},
  pages={e17555},
  year={2011},
  publisher={Public Library of Science}
}
@article{van2009new,
  title={New mobile genetic elements in \textit{Cupriavidus metallidurans} CH34, their possible roles and occurrence in other bacteria},
  author={Van Houdt, Rob and Monchy, S{\'e}bastien and Leys, Natalie and Mergeay, Max},
  journal={Antonie Van Leeuwenhoek},
  volume={96},
  number={2},
  pages={205--226},
  year={2009},
  publisher={Springer}
}
@article{mijnendonckx2011insertion,
  title={Insertion sequence elements in \textit{Cupriavidus metallidurans} CH34: distribution and role in adaptation},
  author={Mijnendonckx, Kristel and Provoost, Ann and Monsieurs, Pieter and Leys, Natalie and Mergeay, Max and Mahillon, Jacques and Van Houdt, Rob},
  journal={Plasmid},
  volume={65},
  number={3},
  pages={193--203},
  year={2011},
  publisher={Elsevier}
}
@article{van2012variation,
  title={Variation in genomic islands contribute to genome plasticity in \textit{Cupriavidus metallidurans}},
  author={Van Houdt, Rob and Monsieurs, Pieter and Mijnendonckx, Kristel and Provoost, Ann and Janssen, Ann and Mergeay, Max and Leys, Natalie},
  journal={BMC genomics},
  volume={13},
  number={1},
  pages={111},
  year={2012},
  publisher={Springer}
}
@article{mergeay1985alcaligenes,
  title={\textit{Alcaligenes eutrophus} CH34 is a facultative chemolithotroph with plasmid-bound resistance to heavy metals.},
  author={Mergeay, M and Nies, D and Schlegel, HG and Gerits, J and Charles, P and Van Gijsegem, Fn},
  journal={Journal of bacteriology},
  volume={162},
  number={1},
  pages={328--334},
  year={1985},
  publisher={Am Soc Microbiol}
}
@book{sambrook1989molecular,
  title={Molecular cloning: a laboratory manual},
  author={Sambrook, Joseph and Fritsch, Edward F and Maniatis, Tom and others},
  volume={Ed. 2},
  year={1989},
  publisher={Cold spring harbor laboratory press}
}
@article{kovach1995four,
  title={Four new derivatives of the broad-host-range cloning vector pBBR1MCS, carrying different antibiotic-resistance cassettes},
  author={Kovach, Michael E and Elzer, Philip H and Hill, D Steven and Robertson, Gregory T and Farris, Michael A and Roop II, R Martin and Peterson, Kenneth M},
  journal={Gene},
  volume={166},
  number={1},
  pages={175--176},
  year={1995},
  publisher={Elsevier}
}

@book{bakermans2015microbial,
  title={Microbial evolution under extreme conditions},
  author={Bakermans, Corien},
  volume={2},
  year={2015},
  publisher={Walter de Gruyter GmbH \& Co KG}
}
@article{taghavi1994electroporation,
  title={Electroporation of \textit{Alcaligenes eutrophus} with (mega) plasmids and genomic DNA fragments.},
  author={Taghavi, Safieh and Van der Lelie, D and Mergeay, Max},
  journal={Applied and environmental microbiology},
  volume={60},
  number={10},
  pages={3585--3591},
  year={1994},
  publisher={Am Soc Microbiol}
}
@article{lee2006absolute,
  title={Absolute and relative QPCR quantification of plasmid copy number in \textit{Escherichia coli}},
  author={Lee, Changsoo and Kim, Jaai and Shin, Seung Gu and Hwang, Seokhwan},
  journal={Journal of biotechnology},
  volume={123},
  number={3},
  pages={273--280},
  year={2006},
  publisher={Elsevier}
}
@article{bolger2014trimmomatic,
  title={Trimmomatic: a flexible trimmer for Illumina sequence data},
  author={Bolger, Anthony M and Lohse, Marc and Usadel, Bjoern},
  journal={Bioinformatics},
  volume={30},
  number={15},
  pages={2114--2120},
  year={2014},
  publisher={Oxford University Press}
}
@article{li2009sequence,
  title={The sequence alignment/map format and SAMtools},
  author={Li, Heng and Handsaker, Bob and Wysoker, Alec and Fennell, Tim and Ruan, Jue and Homer, Nils and Marth, Gabor and Abecasis, Goncalo and Durbin, Richard},
  journal={Bioinformatics},
  volume={25},
  number={16},
  pages={2078--2079},
  year={2009},
  publisher={Oxford University Press}
}
@article{quinlan2014bedtools,
  title={BEDTools: the Swiss-army tool for genome feature analysis},
  author={Quinlan, Aaron R},
  journal={Current protocols in bioinformatics},
  volume={47},
  number={1},
  pages={11--12},
  year={2014},
  publisher={Wiley Online Library}
}
@article{li2013aligning,
  title={Aligning sequence reads, clone sequences and assembly contigs with BWA-MEM},
  author={Li, Heng},
  journal={arXiv preprint arXiv:1303.3997},
  year={2013}
}
@article{norberg2011incp,
  title={The IncP-1 plasmid backbone adapts to different host bacterial species and evolves through homologous recombination},
  author={Norberg, Peter and Bergstr{\"o}m, Maria and Jethava, Vinay and Dubhashi, Devdatt and Hermansson, Malte},
  journal={Nature communications},
  volume={2},
  number={1},
  pages={1--11},
  year={2011},
  publisher={Nature Publishing Group}
}
@article{siguier2014bacterial,
  title={Bacterial insertion sequences: their genomic impact and diversity},
  author={Siguier, Patricia and Gourbeyre, Edith and Chandler, Mick},
  journal={FEMS microbiology reviews},
  volume={38},
  number={5},
  pages={865--891},
  year={2014},
  publisher={Blackwell Publishing Ltd Oxford, UK}
}
@article{grass2000regulation,
  title={Regulation of the cnr cobalt and nickel resistance determinant from \textit{Ralstonia} sp. strain CH34},
  author={Grass, Gregor and Gro{\ss}e, Cornelia and Nies, Dietrich H},
  journal={Journal of Bacteriology},
  volume={182},
  number={5},
  pages={1390--1398},
  year={2000},
  publisher={Am Soc Microbiol}
}
@article{tibazarwa2000regulation,
  title={Regulation of the cnr cobalt and nickel resistance determinant of \textit{Ralstonia eutropha} (\textit{Alcaligenes eutrophus}) CH34},
  author={Tibazarwa, C and Wuertz, S and Mergeay, M and Wyns, L and van Der Lelie, D},
  journal={Journal of Bacteriology},
  volume={182},
  number={5},
  pages={1399--1409},
  year={2000},
  publisher={Am Soc Microbiol}
}
@article{kim2011switch,
  title={Switch or funnel: how RND-type transport systems control periplasmic metal homeostasis},
  author={Kim, Eun-Hae and Nies, Dietrich H and McEvoy, Megan M and Rensing, Christopher},
  journal={Journal of bacteriology},
  volume={193},
  number={10},
  pages={2381--2387},
  year={2011},
  publisher={Am Soc Microbiol}
}
@article{collard1993new,
  title={A new type of \textit{Alcaligenes eutrophus} CH34 zinc resistance generated by mutations affecting regulation of the cnr cobalt-nickel resistance system.},
  author={Collard, JEAN-MARC and Provoost, A and Taghavi, SAFIEH and Mergeay, M},
  journal={Journal of bacteriology},
  volume={175},
  number={3},
  pages={779--784},
  year={1993},
  publisher={Am Soc Microbiol}
}
@article{vandecraen2016zinc,
  title={Zinc-induced transposition of insertion sequence elements contributes to increased adaptability of \textit{Cupriavidus metallidurans}},
  author={Vandecraen, Joachim and Monsieurs, Pieter and Mergeay, Max and Leys, Natalie and Aertsen, Abram and Van Houdt, Rob},
  journal={Frontiers in microbiology},
  volume={7},
  pages={359},
  year={2016},
  publisher={Frontiers}
}
@article{zheng2008data,
  title={Data mining of metal ion environments present in protein structures},
  author={Zheng, Heping and Chruszcz, Maksymilian and Lasota, Piotr and Lebioda, Lukasz and Minor, Wladek},
  journal={Journal of inorganic biochemistry},
  volume={102},
  number={9},
  pages={1765--1776},
  year={2008},
  publisher={Elsevier}
}
@article{thilakaraj2007silico,
  title={In silico identification of putative metal binding motifs},
  author={Thilakaraj, Richard and Raghunathan, Krishnan and Anishetty, Sharmila and Pennathur, Gautam},
  journal={Bioinformatics},
  volume={23},
  number={3},
  pages={267--271},
  year={2007},
  publisher={Oxford University Press}
}
@article{kirsten2011contributions,
  title={Contributions of five secondary metal uptake systems to metal homeostasis of \textit{Cupriavidus metallidurans} CH34},
  author={Kirsten, Andreas and Herzberg, Martin and Voigt, Alexander and Seravalli, Javier and Grass, Gregor and Scherer, Judith and Nies, Dietrich H},
  journal={Journal of bacteriology},
  volume={193},
  number={18},
  pages={4652--4663},
  year={2011},
  publisher={Am Soc Microbiol}
}
@article{anton1999czcd,
  title={CzcD is a heavy metal ion transporter involved in regulation of heavy metal resistance in \textit{Ralstonia} sp. strain CH34},
  author={Anton, Andreas and Gro{\ss}e, Cornelia and Rei{\ss}mann, Jana and Pribyl, Thomas and Nies, Dietrich H},
  journal={Journal of bacteriology},
  volume={181},
  number={22},
  pages={6876--6881},
  year={1999},
  publisher={Am Soc Microbiol}
}
@article{munkelt2004chromosomally,
  title={The chromosomally encoded cation diffusion facilitator proteins DmeF and FieF from Wautersia metallidurans CH34 are transporters of broad metal specificity},
  author={Munkelt, Doreen and Grass, Gregor and Nies, Dietrich H},
  journal={Journal of bacteriology},
  volume={186},
  number={23},
  pages={8036--8043},
  year={2004},
  publisher={Am Soc Microbiol}
}
@article{barber2017transition,
  title={Transition metal binding selectivity in proteins and its correlation with the phylogenomic classification of the cation diffusion facilitator protein family},
  author={Barber-Zucker, Shiran and Shaanan, Boaz and Zarivach, Raz},
  journal={Scientific reports},
  volume={7},
  number={1},
  pages={1--12},
  year={2017},
  publisher={Nature Publishing Group}
}
@article{scherer2009czcp,
  title={CzcP is a novel efflux system contributing to transition metal resistance in \textit{Cupriavidus metallidurans} CH34},
  author={Scherer, Judith and Nies, Dietrich H},
  journal={Molecular microbiology},
  volume={73},
  number={4},
  pages={601--621},
  year={2009},
  publisher={Wiley Online Library}
}
@article{delmar2014bacterial,
  title={Bacterial multidrug efflux transporters},
  author={Delmar, Jared A and Su, Chih-Chia and Yu, Edward W},
  journal={Annual review of biophysics},
  volume={43},
  pages={93--117},
  year={2014},
  publisher={Annual Reviews}
}
@article{de2010metal,
  title={Metal-induced conformational changes in ZneB suggest an active role of membrane fusion proteins in efflux resistance systems},
  author={De Angelis, Fabien and Lee, John K and O'Connell, Joseph D and Miercke, Larry JW and Verschueren, Koen H and Srinivasan, Vasundara and Bauvois, C{\'e}dric and Govaerts, C{\'e}dric and Robbins, Rebecca A and Ruysschaert, Jean-Marie and others},
  journal={Proceedings of the National Academy of Sciences},
  volume={107},
  number={24},
  pages={11038--11043},
  year={2010},
  publisher={National Acad Sciences}
}
@article{long2012structure,
  title={Structure and mechanism of the tripartite CusCBA heavy-metal efflux complex},
  author={Long, Feng and Su, Chih-Chia and Lei, Hsiang-Ting and Bolla, Jani Reddy and Do, Sylvia V and Yu, Edward W},
  journal={Philosophical Transactions of the Royal Society B: Biological Sciences},
  volume={367},
  number={1592},
  pages={1047--1058},
  year={2012},
  publisher={The Royal Society}
}
@article{pak2013structures,
  title={Structures of intermediate transport states of ZneA, a Zn (II)/proton antiporter},
  author={Pak, John Edward and Ekend{\'e}, Elisabeth Ngonlong and Kifle, Efrem G and O’Connell, Joseph Daniel and De Angelis, Fabien and Tessema, Meseret B and Derfoufi, Kheiro-Mouna and Robles-Colmenares, Yaneth and Robbins, Rebecca A and Goormaghtigh, Erik and others},
  journal={Proceedings of the National Academy of Sciences},
  volume={110},
  number={46},
  pages={18484--18489},
  year={2013},
  publisher={National Acad Sciences}
}
@article{sota2007region,
  title={Region-specific insertion of transposons in combination with selection for high plasmid transferability and stability accounts for the structural similarity of IncP-1 plasmids},
  author={Sota, Masahiro and Tsuda, Masataka and Yano, Hirokazu and Suzuki, Haruo and Forney, Larry J and Top, Eva M},
  journal={Journal of bacteriology},
  volume={189},
  number={8},
  pages={3091--3098},
  year={2007},
  publisher={Am Soc Microbiol}
}
@article{leys2009response,
  title={The response of \textit{Cupriavidus metallidurans} CH34 to spaceflight in the international space station},
  author={Leys, Natalie and Baatout, Sarah and Rosier, Caroline and Dams, Annik and s’Heeren, Catherine and Wattiez, Ruddy and Mergeay, Max},
  journal={Antonie Van Leeuwenhoek},
  volume={96},
  number={2},
  pages={227},
  year={2009},
  publisher={Springer}
}
@article{mijnendonckx2013characterization,
  title={Characterization of the survival ability of \textit{Cupriavidus metallidurans} and \textit{Ralstonia pickettii} from space-related environments},
  author={Mijnendonckx, Kristel and Provoost, Ann and Ott, CM and Venkateswaran, K and Mahillon, Jacques and Leys, N and Van Houdt, R},
  journal={Microbial ecology},
  volume={65},
  number={2},
  pages={347--360},
  year={2013},
  publisher={Springer}
}
@article{byloos2017impact,
  title={The impact of space flight on survival and interaction of \textit{Cupriavidus metallidurans} CH34 with basalt, a volcanic moon analog rock},
  author={Byloos, Bo and Coninx, Ilse and Van Hoey, Olivier and Cockell, Charles and Nicholson, Natasha and Ilyin, Vyacheslav and Van Houdt, Rob and Boon, Nico and Leys, Natalie},
  journal={Frontiers in microbiology},
  volume={8},
  pages={671},
  year={2017},
  publisher={Frontiers}
}
@article{vasseur2005pel,
  title={The pel genes of the Pseudomonas aeruginosa PAK strain are involved at early and late stages of biofilm formation},
  author={Vasseur, Perrine and Vallet-Gely, Isabelle and Soscia, Chantal and Genin, St{\'e}phane and Filloux, Alain},
  journal={Microbiology},
  volume={151},
  number={3},
  pages={985--997},
  year={2005},
  publisher={Microbiology Society}
}
@article{godoy2000transposon,
  title={Transposon stability and a role for conjugational transfer in adaptive mutability},
  author={Godoy, VG and Fox, MS},
  journal={Proceedings of the National Academy of Sciences},
  volume={97},
  number={13},
  pages={7393--7398},
  year={2000},
  publisher={National Acad Sciences}
}
@article{christie2009conjugative,
  title={Conjugative interaction induces transposition of ISPst9 in Pseudomonas stutzeri AN10},
  author={Christie-Oleza, JA and Lanfranconi, MP and Nogales, B and Lalucat, J and Bosch, R},
  journal={Journal of bacteriology},
  volume={191},
  number={4},
  pages={1239--1247},
  year={2009},
  publisher={Am Soc Microbiol}
}
@article{baharoglu2010conjugative,
  title={Conjugative DNA transfer induces the bacterial SOS response and promotes antibiotic resistance development through integron activation},
  author={Baharoglu, Zeynep and Bikard, David and Mazel, Didier},
  journal={PLoS Genet},
  volume={6},
  number={10},
  pages={e1001165},
  year={2010},
  publisher={Public Library of Science}
}
@article{jain2013broad,
  title={Broad host range plasmids},
  author={Jain, Aayushi and Srivastava, Preeti},
  journal={FEMS microbiology letters},
  volume={348},
  number={2},
  pages={87--96},
  year={2013},
  publisher={Oxford University Press}
}
@article{obranic2013improvement,
  title={Improvement of pBBR1MCS plasmids, a very useful series of broad-host-range cloning vectors},
  author={Obrani{\'c}, Sonja and Babi{\'c}, Fedora and Maravi{\'c}-Vlahovi{\v{c}}ek, Gordana},
  journal={Plasmid},
  volume={70},
  number={2},
  pages={263--267},
  year={2013},
  publisher={Elsevier}
}
@article{tian2017fundamental,
  title={Fundamental CRISPR-Cas9 tools and current applications in microbial systems},
  author={Tian, Pingfang and Wang, Jia and Shen, Xiaolin and Rey, Justin Forrest and Yuan, Qipeng and Yan, Yajun},
  journal={Synthetic and systems biotechnology},
  volume={2},
  number={3},
  pages={219--225},
  year={2017},
  publisher={Elsevier}
}
@article{cook2018genetic,
  title={Genetic tools for reliable gene expression and recombineering in Pseudomonas putida},
  author={Cook, Taylor B and Rand, Jacqueline M and Nurani, Wasti and Courtney, Dylan K and Liu, Sophia A and Pfleger, Brian F},
  journal={Journal of industrial microbiology \& biotechnology},
  volume={45},
  number={7},
  pages={517--527},
  year={2018},
  publisher={Springer}
}
@article{xiong2018genome,
  title={Genome editing of \textit{Ralstonia eutropha} using an electroporation-based CRISPR-Cas9 technique},
  author={Xiong, Bin and Li, Zhongkang and Liu, Li and Zhao, Dongdong and Zhang, Xueli and Bi, Changhao},
  journal={Biotechnology for biofuels},
  volume={11},
  number={1},
  pages={172},
  year={2018},
  publisher={BioMed Central}
}
@article{ahu61,
   author={Arrow, Kenneth J. and Leonid Hurwicz and Hirofumi Uzawa},
   title={Constraint qualifications in maximization problems},
   journal={Naval Research Logistics Quarterly},
   volume={8},
   year=1961,
   pages={175-191}
}

@book{ab94,
   author* = {Charalambos D. Aliprantis and Kim C. Border},
   year = {1994},
   title = {Infinite Dimensional Analysis},
   publisher = {Springer},
   address = {Berlin}
}

@article{millacura2018biologic,
  title={BioLogic, a parallel approach to cell-based logic gates},
  author={Millacura, Felipe A and Largey, Brendan and French, Christopher E},
  journal={bioRxiv},
  pages={303032},
  year={2018},
  publisher={Cold Spring Harbor Laboratory}
}

@article{millacura2019parallel,
  title={ParAlleL: a novel population-based approach to biological logic gates},
  author={Millacura, Felipe A and Largey, Brendan and French, Christopher E},
  journal={Frontiers in Bioengineering and Biotechnology},
  volume={7},
  pages={46},
  year={2019},
  publisher={Frontiers}
}
@article{millacura2018unintentional,
  title={Unintentional Genomic Changes Endow \textit{Cupriavidus metallidurans} with an Augmented Heavy-Metal Resistance},
  author={Millacura, Felipe and Janssen, Paul and Monsieurs, Pieter and Janssen, Ann and Provoost, Ann and Van Houdt, Rob and Rojas, Luis},
  journal={Genes},
  volume={9},
  number={11},
  pages={551},
  year={2018},
  publisher={Multidisciplinary Digital Publishing Institute}
}
@article{kikuchi2016split,
  title={Split spinach aptamer for highly selective recognition of DNA and RNA at ambient temperatures},
  author={Kikuchi, Nanami and Kolpashchikov, Dmitry M},
  journal={ChemBioChem},
  volume={17},
  number={17},
  pages={1589--1592},
  year={2016},
  publisher={Wiley Online Library}
}

@article{li2018crispr,
  title={CRISPR-Cas12a has both cis-and trans-cleavage activities on single-stranded DNA},
  author={Li, Shi-Yuan and Cheng, Qiu-Xiang and Liu, Jia-Kun and Nie, Xiao-Qun and Zhao, Guo-Ping and Wang, Jin},
  journal={Cell research},
  volume={28},
  number={4},
  pages={491},
  year={2018},
  publisher={Nature Publishing Group}
}
@article{li2018cads,
  title={CADS: CRISPR/Cas12a-Assisted DNA Steganography for Securing the Storage and Transfer of DNA-Encoded Information},
  author={Li, Shi-Yuan and Liu, Jia-Kun and Zhao, Guo-Ping and Wang, Jin},
  journal={ACS synthetic biology},
  volume={7},
  number={4},
  pages={1174--1178},
  year={2018},
  publisher={ACS Publications}
}
@article{li2018crispr,
  title={CRISPR-Cas12a-assisted nucleic acid detection},
  author={Li, Shi-Yuan and Cheng, Qiu-Xiang and Wang, Jing-Man and Li, Xiao-Yan and Zhang, Zi-Long and Gao, Song and Cao, Rui-Bing and Zhao, Guo-Ping and Wang, Jin},
  journal={Cell discovery},
  volume={4},
  number={1},
  pages={20},
  year={2018},
  publisher={Nature Publishing Group}
}
@article{otoupal2016crispr,
  title={CRISPR perturbation of gene expression alters bacterial fitness under stress and reveals underlying epistatic constraints},
  author={Otoupal, Peter B and Erickson, Keesha E and Escalas-Bordoy, Antoni and Chatterjee, Anushree},
  journal={ACS synthetic biology},
  volume={6},
  number={1},
  pages={94--107},
  year={2016},
  publisher={ACS Publications}
}
@article{montero2017synthesis,
  title={Synthesis of extracellular gold nanoparticles using \textit{Cupriavidus metallidurans} CH34 cells},
  author={Montero-Silva, Francisco and Dur{\'a}n, Nelson and Seeger, Michael},
  journal={IET nanobiotechnology},
  volume={12},
  number={1},
  pages={40--46},
  year={2017},
  publisher={IET}
}

@article{zetsche2015cpf1,
  title={Cpf1 is a single RNA-guided endonuclease of a class 2 CRISPR-Cas system},
  author={Zetsche, Bernd and Gootenberg, Jonathan S and Abudayyeh, Omar O and Slaymaker, Ian M and Makarova, Kira S and Essletzbichler, Patrick and Volz, Sara E and Joung, Julia and Van Der Oost, John and Regev, Aviv and others},
  journal={Cell},
  volume={163},
  number={3},
  pages={759--771},
  year={2015},
  publisher={Elsevier}
}
@article{chen2018crispr,
  title={CRISPR-Cas12a target binding unleashes indiscriminate single-stranded DNase activity},
  author={Chen, Janice S and Ma, Enbo and Harrington, Lucas B and Da Costa, Maria and Tian, Xinran and Palefsky, Joel M and Doudna, Jennifer A},
  journal={Science},
  volume={360},
  number={6387},
  pages={436--439},
  year={2018},
  publisher={American Association for the Advancement of Science}
}
@article{jusiak2016engineering,
  title={Engineering synthetic gene circuits in living cells with CRISPR technology},
  author={Jusiak, Barbara and Cleto, Sara and Perez-Pinera, Pablo and Lu, Timothy K},
  journal={Trends in biotechnology},
  volume={34},
  number={7},
  pages={535--547},
  year={2016},
  publisher={Elsevier}
}
@article{kim1996highly,
  title={A highly efficient cell-free protein synthesis system from \textit{Escherichia coli}},
  author={Kim, Dong-Myung and Kigawa, Takanori and Choi, Cha-Yong and Yokoyama, Shigeyuki},
  journal={European Journal of Biochemistry},
  volume={239},
  number={3},
  pages={881--886},
  year={1996},
  publisher={Wiley Online Library}
}
@article{shin2012genome,
  title={Genome replication, synthesis, and assembly of the bacteriophage T7 in a single cell-free reaction},
  author={Shin, Jonghyeon and Jardine, Paul and Noireaux, Vincent},
  journal={ACS synthetic biology},
  volume={1},
  number={9},
  pages={408--413},
  year={2012},
  publisher={ACS Publications}
}

@article{holzinger2014nanomaterials,
  title={Nanomaterials for biosensing applications: a review},
  author={Holzinger, Michael and Le Goff, Alan and Cosnier, Serge},
  journal={Frontiers in chemistry},
  volume={2},
  pages={63},
  year={2014},
  publisher={Frontiers}
}
@article{nissim2014multiplexed,
  title={Multiplexed and programmable regulation of gene networks with an integrated RNA and CRISPR/Cas toolkit in human cells},
  author={Nissim, Lior and Perli, Samuel D and Fridkin, Alexandra and Perez-Pinera, Pablo and Lu, Timothy K},
  journal={Molecular cell},
  volume={54},
  number={4},
  pages={698--710},
  year={2014},
  publisher={Elsevier}
}
@article{strack2014using,
  title={Using Spinach-based sensors for fluorescence imaging of intracellular metabolites and proteins in living bacteria},
  author={Strack, Rita L and Song, Wenjiao and Jaffrey, Samie R},
  journal={Nature protocols},
  volume={9},
  number={1},
  pages={146},
  year={2014},
  publisher={Nature Publishing Group}
}
@article{kim2000prolonging,
  title={Prolonging cell-free protein synthesis by selective reagent additions},
  author={Kim, Dong-Myung and Swartz, James R},
  journal={Biotechnology progress},
  volume={16},
  number={3},
  pages={385--390},
  year={2000},
  publisher={Wiley Online Library}
}
@article{calhoun2005economical,
  title={An economical method for cell-free protein synthesis using glucose and nucleoside monophosphates},
  author={Calhoun, Kara A and Swartz, James R},
  journal={Biotechnology progress},
  volume={21},
  number={4},
  pages={1146--1153},
  year={2005},
  publisher={Wiley Online Library}
}

@article{shis2014modular,
  title={Modular, multi-input transcriptional logic gating with orthogonal LacI/GalR family chimeras},
  author={Shis, David L and Hussain, Faiza and Meinhardt, Sarah and Swint-Kruse, Liskin and Bennett, Matthew R},
  journal={ACS synthetic biology},
  volume={3},
  number={9},
  pages={645--651},
  year={2014},
  publisher={ACS Publications}
}
@article{zhang2017multiplex,
  title={Multiplex gene regulation by CRISPR-ddCpf1},
  author={Zhang, Xiaochun and Wang, Jingman and Cheng, Qiuxiang and Zheng, Xuan and Zhao, Guoping and Wang, Jin},
  journal={Cell discovery},
  volume={3},
  pages={17018},
  year={2017},
  publisher={Nature Publishing Group}
}
@article{li2018crispr,
  title={CRISPR-Cpf1-assisted multiplex genome editing and transcriptional repression in Streptomyces},
  author={Li, Lei and Wei, Keke and Zheng, Guosong and Liu, Xiaocao and Chen, Shaoxin and Jiang, Weihong and Lu, Yinhua},
  journal={Appl. Environ. Microbiol.},
  volume={84},
  number={18},
  pages={e00827--18},
  year={2018},
  publisher={Am Soc Microbiol}
}
@article{Pothoulakis2015a,
title = {{Using spinach aptamer to correlate mRNA and protein levels in \textit{Escherichia coli}}},
author = {Pothoulakis, Georgios and Ellis, Tom},
journal = {Methods Enzymol.},
volume={550},
number={9},
pages={173-185},
year={2015},
publisher={Am Soc Microbiol}
}
@article{Hampikian,
title = {{Absent sequences: nullomers and primes.}},
author = {Hampikian, Greg and Andersen, Tim},
journal = {Pac. Symp. Biocomput.},
pmid = {17990505},
volume = {366},
pages = {355--66},
year = {2007}
}
@article{CHATTERJEE2008475,
title = "Tweaking biological switches through a better understanding of bistability behavior",
author = "Anushree Chatterjee and Yiannis N. Kaznessis and Wei-Shou Hu",
journal = "Current Opinion in Biotechnology",
volume = "19",
number = "5",
pages = "475 - 481",
year = "2008",
}
@article{doi:10.1002/bit.26938,
title = {Improved CRISPR-Cas12a-assisted one-pot DNA editing method enables seamless DNA editing},
author = {Wang, Liping and Wang, Haojun and Liu, Huayi and Zhao, Qiyuan and Liu, Bing and Wang, Lian and Zhang, Jun and Zhu, Jie and Bao, Rui and Luo, Yunzi},
journal = {Biotechnology and Bioengineering},
volume = {116},
number = {6},
pages = {1463-1474},
year = {2019}
}
@article {MooreE4340,
title = {Rapid acquisition and model-based analysis of cell-free transcription{\textendash}translation reactions from nonmodel bacteria},
author = {Moore, Simon J. and MacDonald, James T. and Wienecke, Sarah and Ishwarbhai, Alka and Tsipa, Argyro and Aw, Rochelle and Kylilis, Nicolas and Bell, David J. and McClymont, David W. and Jensen, Kirsten and Polizzi, Karen M. and Biedendieck, Rebekka and Freemont, Paul S.},
journal = {Proceedings of the National Academy of Sciences},
volume = {115},
number = {19},
pages = {E4340--E4349},
year = {2018},
publisher = {National Academy of Sciences},
}
@article{li2018cads,
  title={CADS: CRISPR/Cas12a-Assisted DNA Steganography for Securing the Storage and Transfer of DNA-Encoded Information},
  author={Li, Shi-Yuan and Liu, Jia-Kun and Zhao, Guo-Ping and Wang, Jin},
  journal={ACS synthetic biology},
  volume={7},
  number={4},
  pages={1174--1178},
  year={2018},
  publisher={ACS Publications}
}
@article{mohanraju2018heterologous,
  title={Heterologous Expression and Purification of CRISPR-Cas12a/Cpf1},
  author={Mohanraju, Prarthana and van der Oost, John and Jinek, Martin and Swarts, Daan C},
  journal={Bio-protocol},
  volume={8},
  number={9},
  year={2018}
}
@article{wang2019improved,
  title={Improved CRISPR-Cas12a-assisted one-pot DNA editing method enables seamless DNA editing},
  author={Wang, Liping and Wang, Haojun and Liu, Huayi and Zhao, Qiyuan and Liu, Bing and Wang, Lian and Zhang, Jun and Zhu, Jie and Bao, Rui and Luo, Yunzi},
  journal={Biotechnology and bioengineering},
  volume={116},
  number={6},
  pages={1463--1474},
  year={2019},
  publisher={Wiley Online Library}
}
@article{autour2016ispinach,
  title={iSpinach: a fluorogenic RNA aptamer optimized for in vitro applications},
  author={Autour, Alexis and Westhof, Eric and Ryckelynck, Michael},
  journal={Nucleic acids research},
  volume={44},
  number={6},
  pages={2491--2500},
  year={2016},
  publisher={Oxford University Press}
}
@article{ryckelynck2019development,
  title={Development and engineering of artificial RNAs.},
  author={Ryckelynck, Michael},
  journal={Methods (San Diego, Calif.)},
  year={2019}
}
@article{autour2019optimization,
  title={Optimization of fluorogenic RNA-based biosensors using droplet-based microfluidic ultrahigh-throughput screening},
  author={Autour, Alexis and Bouhedda, Farah and Cubi, Roger and Ryckelynck, Michael},
  journal={Methods},
  volume={161},
  pages={46--53},
  year={2019},
  publisher={Elsevier}
}
@article{trachman2019structure,
  title={Structure and functional reselection of the Mango-III fluorogenic RNA aptamer},
  author={Trachman, Robert J and Autour, Alexis and Jeng, Sunny CY and Abdolahzadeh, Amir and Andreoni, Alessio and Cojocaru, Razvan and Garipov, Ramil and Dolgosheina, Elena V and Knutson, Jay R and Ryckelynck, Michael and others},
  journal={Nature chemical biology},
  volume={15},
  number={5},
  pages={472},
  year={2019},
  publisher={Nature Publishing Group}
}
@article{wu2019live,
  title={Live imaging of mRNA using RNA-stabilized fluorogenic proteins},
  author={Wu, Jiahui and Zaccara, Sara and Khuperkar, Deepak and Kim, Hyaeyeong and Tanenbaum, Marvin E and Jaffrey, Samie R},
  journal={Nature methods},
  volume={16},
  number={9},
  pages={862--865},
  year={2019},
  publisher={Nature Publishing Group}
}
@article{dey2019ribotacs,
  title={RIBOTACs: Small Molecules Target RNA for Degradation},
  author={Dey, Sourav K and Jaffrey, Samie R},
  journal={Cell chemical biology},
  volume={26},
  number={8},
  pages={1047--1049},
  year={2019},
  publisher={Elsevier}
}
@article{litke2019highly,
  title={Highly efficient expression of circular RNA aptamers in cells using autocatalytic transcripts},
  author={Litke, Jacob L and Jaffrey, Samie R},
  journal={Nature biotechnology},
  volume={37},
  number={6},
  pages={667},
  year={2019},
  publisher={Nature Publishing Group}
}
@article{trachman2019structure,
  title={Structure and functional reselection of the Mango-III fluorogenic RNA aptamer},
  author={Trachman, Robert J and Autour, Alexis and Jeng, Sunny CY and Abdolahzadeh, Amir and Andreoni, Alessio and Cojocaru, Razvan and Garipov, Ramil and Dolgosheina, Elena V and Knutson, Jay R and Ryckelynck, Michael and others},
  journal={Nature chemical biology},
  volume={15},
  number={5},
  pages={472},
  year={2019},
  publisher={Nature Publishing Group}
}
@article{autour2019optimization,
  title={Optimization of fluorogenic RNA-based biosensors using droplet-based microfluidic ultrahigh-throughput screening},
  author={Autour, Alexis and Bouhedda, Farah and Cubi, Roger and Ryckelynck, Michael},
  journal={Methods},
  volume={161},
  pages={46--53},
  year={2019},
  publisher={Elsevier}
}
@article{trubitsyna2014paperclip,
  title={PaperClip: rapid multi-part DNA assembly from existing libraries},
  author={Trubitsyna, Maryia and Michlewski, Gracjan and Cai, Yizhi and Elfick, Alistair and French, Christopher E},
  journal={Nucleic acids research},
  volume={42},
  number={20},
  pages={e154--e154},
  year={2014},
  publisher={Oxford University Press}
}
@article{paige2011rna,
  title={RNA mimics of green fluorescent protein},
  author={Paige, Jeremy S and Wu, Karen Y and Jaffrey, Samie R},
  journal={Science},
  volume={333},
  number={6042},
  pages={642--646},
  year={2011},
  publisher={American Association for the Advancement of Science}
}

@article{song2017imaging,
  title={Imaging RNA polymerase III transcription using a photostable RNA--fluorophore complex},
  author={Song, Wenjiao and Filonov, Grigory S and Kim, Hyaeyeong and Hirsch, Markus and Li, Xing and Moon, Jared D and Jaffrey, Samie R},
  journal={Nature chemical biology},
  volume={13},
  number={11},
  pages={1187},
  year={2017},
  publisher={Nature Publishing Group}
}

@article{shu2013programmable,
  title={Programmable folding of fusion RNA in vivo and in vitro driven by pRNA 3WJ motif of phi29 DNA packaging motor},
  author={Shu, Dan and Khisamutdinov, Emil F and Zhang, Le and Guo, Peixuan},
  journal={Nucleic acids research},
  volume={42},
  number={2},
  pages={e10--e10},
  year={2013},
  publisher={Oxford University Press}
}

@article{bousse1996whole,
  title={Whole cell biosensors},
  author={Bousse, Luc},
  journal={Sensors and Actuators B: Chemical},
  volume={34},
  number={1-3},
  pages={270--275},
  year={1996},
  publisher={Elsevier}
}
@article{yagi2007applications,
  title={Applications of whole-cell bacterial sensors in biotechnology and environmental science},
  author={Yagi, Kiyohito},
  journal={Applied Microbiology and Biotechnology},
  volume={73},
  number={6},
  pages={1251--1258},
  year={2007},
  publisher={Springer}
}
@article{gupta2019cell,
  title={Cell-based biosensors: Recent trends, challenges and future perspectives},
  author={Gupta, Niharika and Renugopalakrishnan, Venkatesan and Liepmann, Dorian and Paulmurugan, Ramasamy and Malhotra, Bansi D},
  journal={Biosensors and Bioelectronics},
  pages={111435},
  year={2019},
  publisher={Elsevier}
}
@article{karig2017cell,
  title={Cell-free synthetic biology for environmental sensing and remediation},
  author={Karig, David K},
  journal={Current opinion in biotechnology},
  volume={45},
  pages={69--75},
  year={2017},
  publisher={Elsevier}
}
@article{borkowski2016overloaded,
  title={Overloaded and stressed: whole-cell considerations for bacterial synthetic biology},
  author={Borkowski, Olivier and Ceroni, Francesca and Stan, Guy-Bart and Ellis, Tom},
  journal={Current opinion in microbiology},
  volume={33},
  pages={123--130},
  year={2016},
  publisher={Elsevier}
}
@article{pardee2016rapid,
  title={Rapid, low-cost detection of Zika virus using programmable biomolecular components},
  author={Pardee, Keith and Green, Alexander A and Takahashi, Melissa K and Braff, Dana and Lambert, Guillaume and Lee, Jeong Wook and Ferrante, Tom and Ma, Duo and Donghia, Nina and Fan, Melina and others},
  journal={Cell},
  volume={165},
  number={5},
  pages={1255--1266},
  year={2016},
  publisher={Elsevier}
}
@article{grawe2019paper,
  title={A paper-based, cell-free biosensor system for the detection of heavy metals and date rape drugs},
  author={Gr{\"a}we, Alexander and Dreyer, Anna and Vornholt, Tobias and Barteczko, Ursela and Buchholz, Luzia and Drews, Gila and Ho, Uyen Linh and Jackowski, Marta Eva and Kracht, Melissa and L{\"u}ders, Janina and others},
  journal={PloS one},
  volume={14},
  number={3},
  pages={e0210940},
  year={2019},
  publisher={Public Library of Science}
}
@article{salehi2017cell,
  title={Cell-free protein synthesis approach to biosensing hTR$\beta$-specific endocrine disruptors},
  author={Salehi, Amin SM and Shakalli Tang, Miriam J and Smith, Mark T and Hunt, Jeremy M and Law, Robert A and Wood, David W and Bundy, Bradley C},
  journal={Analytical chemistry},
  volume={89},
  number={6},
  pages={3395--3401},
  year={2017},
  publisher={ACS Publications}
}
@article{salehi2018biosensing,
  title={Biosensing estrogenic endocrine disruptors in human blood and urine: A RAPID cell-free protein synthesis approach},
  author={Salehi, Amin SM and Yang, Seung Ook and Earl, Conner C and Tang, Miriam J Shakalli and Hunt, J Porter and Smith, Mark T and Wood, David W and Bundy, Bradley C},
  journal={Toxicology and applied pharmacology},
  volume={345},
  pages={19--25},
  year={2018},
  publisher={Elsevier}
}
@article{alam2017fluorescent,
  title={A fluorescent split aptamer for visualizing RNA--RNA assembly in vivo},
  author={Alam, Khalid K and Tawiah, Kwaku D and Lichte, Matthew F and Porciani, David and Burke, Donald H},
  journal={ACS synthetic biology},
  volume={6},
  number={9},
  pages={1710--1721},
  year={2017},
  publisher={ACS Publications}
}
@article{khalil2010synthetic,
  title={Synthetic biology: applications come of age},
  author={Khalil, Ahmad S and Collins, James J},
  journal={Nature Reviews Genetics},
  volume={11},
  number={5},
  pages={367},
  year={2010},
  publisher={Nature Publishing Group}
}
@article{neubacher2019rna,
  title={RNA Structure and Cellular Applications of Fluorescent Light-Up Aptamers},
  author={Neubacher, Saskia and Hennig, Sven},
  journal={Angewandte Chemie International Edition},
  volume={58},
  number={5},
  pages={1266--1279},
  year={2019},
  publisher={Wiley Online Library}
}
@article{cho2009applications,
  title={Applications of aptamers as sensors},
  author={Cho, Eun Jeong and Lee, Joo-Woon and Ellington, Andrew D},
  journal={Annual review of analytical chemistry},
  volume={2},
  pages={241--264},
  year={2009},
  publisher={Annual Reviews}
}
@article{dehghani2018aptamer,
  title={Aptamer-based biosensors and nanosensors for the detection of vascular endothelial growth factor (VEGF): A review},
  author={Dehghani, Sadegh and Nosrati, Rahim and Yousefi, Meysam and Nezami, Alireza and Soltani, Fatemeh and Taghdisi, Seyed Mohammad and Abnous, Khalil and Alibolandi, Mona and Ramezani, Mohammad},
  journal={Biosensors and Bioelectronics},
  volume={110},
  pages={23--37},
  year={2018},
  publisher={Elsevier}
}
@article{razmi2018recent,
  title={Recent advances on aptamer-based biosensors to detection of platelet-derived growth factor},
  author={Razmi, Nasrin and Baradaran, Behzad and Hejazi, Maryam and Hasanzadeh, Mohammad and Mosafer, Jafar and Mokhtarzadeh, Ahad and de la Guardia, Miguel},
  journal={Biosensors and Bioelectronics},
  volume={113},
  pages={58--71},
  year={2018},
  publisher={Elsevier}
}
@article{reith2009mechanisms,
  title={Mechanisms of gold biomineralization in the bacterium \textit{Cupriavidus metallidurans}},
  author={Reith, Frank and Etschmann, Barbara and Grosse, Cornelia and Moors, Hugo and Benotmane, Mohammed A and Monsieurs, Pieter and Grass, Gregor and Doonan, Christian and Vogt, Stefan and Lai, Barry and others},
  journal={Proceedings of the National Academy of Sciences},
  volume={106},
  number={42},
  pages={17757--17762},
  year={2009},
  publisher={National Acad Sciences}
}

@article{niederholtmeyer2013implementation,
  title={Implementation of cell-free biological networks at steady state},
  author={Niederholtmeyer, Henrike and Stepanova, Viktoria and Maerkl, Sebastian J},
  journal={Proceedings of the National Academy of Sciences},
  volume={110},
  number={40},
  pages={15985--15990},
  year={2013},
  publisher={National Acad Sciences}
}
@article{justino2017recent,
  title={Recent progress in biosensors for environmental monitoring: A review},
  author={Justino, Celine IL and Duarte, Armando C and Rocha-Santos, Teresa AP},
  journal={Sensors},
  volume={17},
  number={12},
  pages={2918},
  year={2017},
  publisher={Multidisciplinary Digital Publishing Institute}
}
@article{ejeian2018biosensors,
  title={Biosensors for wastewater monitoring: A review},
  author={Ejeian, Fatemeh and Etedali, Parisa and Mansouri-Tehrani, Hajar-Alsadat and Soozanipour, Asieh and Low, Ze-Xian and Asadnia, Mohsen and Taheri-Kafrani, Asghar and Razmjou, Amir},
  journal={Biosensors and Bioelectronics},
  volume={118},
  pages={66--79},
  year={2018},
  publisher={Elsevier}
}
@article{kaur2015advances,
  title={Advances in arsenic biosensor development--a comprehensive review},
  author={Kaur, Hardeep and Kumar, Rabindra and Babu, J Nagendra and Mittal, Sunil},
  journal={Biosensors and Bioelectronics},
  volume={63},
  pages={533--545},
  year={2015},
  publisher={Elsevier}
}
@article{rodrigo2017model,
  title={Model-based design of RNA hybridization networks implemented in living cells},
  author={Rodrigo, Guillermo and Prakash, Satya and Shen, Shensi and Majer, Eszter and Dar{\`o}s, Jos{\'e}-Antonio and Jaramillo, Alfonso},
  journal={Nucleic acids research},
  volume={45},
  number={16},
  pages={9797--9808},
  year={2017},
  publisher={Oxford University Press}
}
@article{etzel2017synthetic,
  title={Synthetic riboswitches: from plug and pray toward plug and play},
  author={Etzel, Maja and Morl, Mario},
  journal={Biochemistry},
  volume={56},
  number={9},
  pages={1181--1198},
  year={2017},
  publisher={ACS Publications}
}
@article{patel2018synthetic,
  title={Synthetic small RNAs: Current status, challenges, and opportunities},
  author={Patel, Shreya and Panchasara, Happy and Braddick, Darren and Gohil, Nisarg and Singh, Vijai},
  journal={Journal of cellular biochemistry},
  volume={119},
  number={12},
  pages={9619--9639},
  year={2018},
  publisher={Wiley Online Library}
}
@article{pardee2014based,
  title={based synthetic gene networks},
  author={Pardee, Keith and Green, Alexander A and Ferrante, Tom and Cameron, D Ewen and DaleyKeyser, Ajay and Yin, Peng and Collins, James J},
  journal={Cell},
  volume={159},
  number={4},
  pages={940--954},
  year={2014},
  publisher={Elsevier}
}
@article{oparin1924proiskhozhedenie,
  title={Proiskhozhedenie Zhizni Mosckovskii Rabochii, Moscow},
  author={Oparin, AI},
  journal={Reprinted and translated in JD Bernal (1967) The Origin of Life London: Weidenfeld and Nicolson},
  year={1924}
}
@article{casini2014one,
  title={One-pot DNA construction for synthetic biology: the Modular Overlap-Directed Assembly with Linkers (MODAL) strategy},
  author={Casini, Arturo and MacDonald, James T and Jonghe, Joachim De and Christodoulou, Georgia and Freemont, Paul S and Baldwin, Geoff S and Ellis, Tom},
  journal={Nucleic acids research},
  volume={42},
  number={1},
  pages={e7--e7},
  year={2014},
  publisher={Oxford University Press}
}
@article{engler2008one,
  title={A one pot, one step, precision cloning method with high throughput capability},
  author={Engler, Carola and Kandzia, Romy and Marillonnet, Sylvestre},
  journal={PloS one},
  volume={3},
  number={11},
  pages={e3647},
  year={2008},
  publisher={Public Library of Science}
}
@article{oparin1957origin,
  title={The origin of life on the earth.},
  author={Oparin, Aleksandr Ivanovich and others},
  journal={The origin of life on the earth.},
  number={3rd Ed},
  year={1957},
  publisher={Oliver \& Boyd, Edinburgh \& London}
}
@inproceedings{haldane1926mathematical,
  title={A mathematical theory of natural and artificial selection},
  author={Haldane, John Burdon Sanderson},
  booktitle={Mathematical Proceedings of the Cambridge Philosophical Society},
  volume={23},
  number={4},
  pages={363--372},
  year={1926},
  organization={Cambridge University Press}
}

@article{muller1922variation,
  title={Variation due to change in the individual gene},
  author={Muller, Hermann Joseph},
  journal={The American Naturalist},
  volume={56},
  number={642},
  pages={32--50},
  year={1922},
  publisher={Science Press}
}
@article{wasteneys1930enzymatic,
  title={The enzymatic synthesis of protein},
  author={Wasteneys, Hardolph and Borsook, Henry},
  journal={Physiological Reviews},
  volume={10},
  number={1},
  pages={110--145},
  year={1930}
}
@article{nirenberg1961dependence,
  title={The dependence of cell-free protein synthesis in E. coli upon naturally occurring or synthetic polyribonucleotides},
  author={Nirenberg, Marshall W and Matthaei, J Heinrich},
  journal={Proceedings of the National Academy of Sciences},
  volume={47},
  number={10},
  pages={1588--1602},
  year={1961},
  publisher={National Acad Sciences}
}

@article{zubay1973vitro,
  title={In vitro synthesis of protein in microbial systems},
  author={Zubay, Geoffrey},
  journal={Annual review of genetics},
  volume={7},
  number={1},
  pages={267--287},
  year={1973},
  publisher={Annual Reviews 4139 El Camino Way, PO Box 10139, Palo Alto, CA 94303-0139, USA}
}
@article{dubois1885fonction,
  title={Fonction photogenique des pyrophores},
  author={Dubois, Rapha{\"e}l},
  journal={CR Seances Soc Biol Fil},
  volume={37},
  pages={559--562},
  year={1885}
}
@article{payen1833memoir,
  title={Memoir on diastase, the principal products of its reactions, and their applications to the industrial arts},
  author={Payen, A and Persoz, JF},
  journal={Ann. Chim. Phys},
  volume={53},
  pages={73--92},
  year={1833}
}
@article{manchester1995louis,
  title={Louis Pasteur (1822--1895)—chance and the prepared mind},
  author={Manchester, Keith L},
  journal={Trends in biotechnology},
  volume={13},
  number={12},
  pages={511--515},
  year={1995},
  publisher={Elsevier}
}
@article{kuhne1877behavior,
  title={On the behavior of various organized and so-called unformed ferments. Verb. d},
  author={K{\"u}hne, W},
  journal={Nat. Med. Ver. Heidelberg},
  volume={1},
  pages={190--8},
  year={1877}
}
@article{buchner1897alkoholische,
  title={Alkoholische g{\"a}hrung ohne hefezellen},
  author={Buchner, Eduard},
  journal={Berichte der deutschen chemischen Gesellschaft},
  volume={30},
  number={1},
  pages={117--124},
  year={1897},
  publisher={Wiley Online Library}
}
@article{buchner1907cell,
  title={Cell-free fermentation},
  author={Buchner, Eduard},
  journal={Nobel Lecture},
  pages={103--120},
  year={1907}
}
@article{meselson1968dna,
  title={DNA restriction enzyme from E. coli},
  author={Meselson, Matthew and Yuan, Robert},
  journal={Nature},
  volume={217},
  number={5134},
  pages={1110--1114},
  year={1968},
  publisher={Nature Publishing Group}
}
@article{kelly1970restriction,
  title={A restriction enzyme from Hemophilus influenzae: II. Base sequence of the recognition site},
  author={Kelly Jr, Thomas J and Smith, Hamilton O},
  journal={Journal of molecular biology},
  volume={51},
  number={2},
  pages={393--409},
  year={1970},
  publisher={Elsevier}
}
@article{sanger1977dna,
  title={DNA sequencing with chain-terminating inhibitors},
  author={Sanger, Frederick and Nicklen, Steven and Coulson, Alan R},
  journal={Proceedings of the national academy of sciences},
  volume={74},
  number={12},
  pages={5463--5467},
  year={1977},
  publisher={National Acad Sciences}
}
@article{berg1981dissections,
  title={Dissections and reconstructions of genes and chromosomesNobel lecture, 8 December 1980},
  author={Berg, Paul},
  journal={Bioscience reports},
  volume={1},
  number={4},
  pages={269--287},
  year={1981},
  publisher={Portland Press}
}
@article{cameron2014brief,
  title={A brief history of synthetic biology},
  author={Cameron, D Ewen and Bashor, Caleb J and Collins, James J},
  journal={Nature Reviews Microbiology},
  volume={12},
  number={5},
  pages={381--390},
  year={2014},
  publisher={Nature Publishing Group}
}
@inproceedings{monod1961general,
  title={General conclusions: teleonomic mechanisms in cellular metabolism, growth, and differentiation},
  author={Monod, Jacques and Jacob, Fran{\c{c}}ois},
  booktitle={Cold Spring Harbor symposia on quantitative biology},
  volume={26},
  pages={389--401},
  year={1961},
  organization={Cold Spring Harbor Laboratory Press}
}
@incollection{hurwitz1963role,
  title={The role of DNA in RNA synthesis},
  author={Hurwitz, Jerard and August, JT},
  booktitle={Progress in Nucleic Acid Research and Molecular Biology},
  volume={1},
  pages={59--92},
  year={1963},
  publisher={Elsevier}
}
@article{gardner2000construction,
  title={Construction of a genetic toggle switch in Escherichia coli},
  author={Gardner, Timothy S and Cantor, Charles R and Collins, James J},
  journal={Nature},
  volume={403},
  number={6767},
  pages={339--342},
  year={2000},
  publisher={Nature Publishing Group}
}
@article{elowitz2000synthetic,
  title={A synthetic oscillatory network of transcriptional regulators},
  author={Elowitz, Michael B and Leibler, Stanislas},
  journal={Nature},
  volume={403},
  number={6767},
  pages={335--338},
  year={2000},
  publisher={Nature Publishing Group}
}
@article{elowitz2002stochastic,
  title={Stochastic gene expression in a single cell},
  author={Elowitz, Michael B and Levine, Arnold J and Siggia, Eric D and Swain, Peter S},
  journal={Science},
  volume={297},
  number={5584},
  pages={1183--1186},
  year={2002},
  publisher={American Association for the Advancement of Science}
}
@article{isaacs2004engineered,
  title={Engineered riboregulators enable post-transcriptional control of gene expression},
  author={Isaacs, Farren J and Dwyer, Daniel J and Ding, Chunming and Pervouchine, Dmitri D and Cantor, Charles R and Collins, James J},
  journal={Nature biotechnology},
  volume={22},
  number={7},
  pages={841--847},
  year={2004},
  publisher={Nature Publishing Group}
}
@article{basu2005synthetic,
  title={A synthetic multicellular system for programmed pattern formation},
  author={Basu, Subhayu and Gerchman, Yoram and Collins, Cynthia H and Arnold, Frances H and Weiss, Ron},
  journal={Nature},
  volume={434},
  number={7037},
  pages={1130--1134},
  year={2005},
  publisher={Nature Publishing Group}
}
@article{alon2007network,
  title={Network motifs: theory and experimental approaches},
  author={Alon, Uri},
  journal={Nature Reviews Genetics},
  volume={8},
  number={6},
  pages={450--461},
  year={2007},
  publisher={Nature Publishing Group}
}
@article{gibson2009enzymatic,
  title={Enzymatic assembly of DNA molecules up to several hundred kilobases},
  author={Gibson, Daniel G and Young, Lei and Chuang, Ray-Yuan and Venter, J Craig and Hutchison, Clyde A and Smith, Hamilton O},
  journal={Nature methods},
  volume={6},
  number={5},
  pages={343--345},
  year={2009},
  publisher={Nature Publishing Group}
}
@article{win2008higher,
  title={Higher-order cellular information processing with synthetic RNA devices},
  author={Win, Maung Nyan and Smolke, Christina D},
  journal={Science},
  volume={322},
  number={5900},
  pages={456--460},
  year={2008},
  publisher={American Association for the Advancement of Science}
}
@article{tamsir2011robust,
  title={Robust multicellular computing using genetically encoded NOR gates and chemical ‘wires’},
  author={Tamsir, Alvin and Tabor, Jeffrey J and Voigt, Christopher A},
  journal={Nature},
  volume={469},
  number={7329},
  pages={212--215},
  year={2011},
  publisher={Nature Publishing Group}
}
@article{jinek2012programmable,
  title={A programmable dual-RNA--guided DNA endonuclease in adaptive bacterial immunity},
  author={Jinek, Martin and Chylinski, Krzysztof and Fonfara, Ines and Hauer, Michael and Doudna, Jennifer A and Charpentier, Emmanuelle},
  journal={science},
  volume={337},
  number={6096},
  pages={816--821},
  year={2012},
  publisher={American Association for the Advancement of Science}
}
@article{hodgman2012cell,
  title={Cell-free synthetic biology: thinking outside the cell},
  author={Hodgman, C Eric and Jewett, Michael C},
  journal={Metabolic engineering},
  volume={14},
  number={3},
  pages={261--269},
  year={2012},
  publisher={Elsevier}
}
@article{grozinger2019pathways,
  title={Pathways to cellular supremacy in biocomputing},
  author={Grozinger, Lewis and Amos, Martyn and Gorochowski, Thomas E and Carbonell, Pablo and Oyarz{\'u}n, Diego A and Stoof, Ruud and Fellermann, Harold and Zuliani, Paolo and Tas, Huseyin and Go{\~n}i-Moreno, Angel},
  journal={Nature communications},
  volume={10},
  number={1},
  pages={1--11},
  year={2019},
  publisher={Nature Publishing Group}
}
@article{jung2020cell,
  title={Cell-free biosensors for rapid detection of water contaminants},
  author={Jung, Jaeyoung K and Alam, Khalid K and Verosloff, Matthew S and Capdevila, Daiana A and Desmau, Morgane and Clauer, Phillip R and Lee, Jeong Wook and Nguyen, Peter Q and Past{\'e}n, Pablo A and Matiasek, Sandrine J and others},
  journal={Nature biotechnology},
  volume={38},
  number={12},
  pages={1451--1459},
  year={2020},
  publisher={Nature Publishing Group}
}
@incollection{hampikian2007absent,
  title={Absent sequences: nullomers and primes},
  author={Hampikian, Greg and Andersen, Tim},
  booktitle={Biocomputing 2007},
  pages={355--366},
  year={2007},
  publisher={World Scientific}
}
@article{koulouras2020significant,
    author = {Koulouras, Grigorios and Frith, Martin C},
    title = "{Significant non-existence of sequences in genomes and proteomes}",
    journal = {Nucleic Acids Research},
    year = {2021},
    month = {03},
    abstract = "{Minimal absent words (MAWs) are minimal-length oligomers absent from a genome or proteome. Although some artificially synthesized MAWs have deleterious effects, there is still a lack of a strategy for the classification of non-occurring sequences as potentially malicious or benign. In this work, by using Markovian models with multiple-testing correction, we reveal significant absent oligomers, which are statistically expected to exist. This suggests that their absence is due to negative selection. We survey genomes and proteomes covering the diversity of life and find thousands of significant absent sequences. Common significant MAWs are often mono- or dinucleotide tracts, or palindromic. Significant viral MAWs are often restriction sites and may indicate unknown restriction motifs. Surprisingly, significant mammal genome MAWs are often present, but rare, in other mammals, suggesting that they are suppressed but not completely forbidden. Significant human MAWs are frequently present in prokaryotes, suggesting immune function, but rarely present in human viruses, indicating viral mimicry of the host. More than one-fourth of human proteins are one substitution away from containing a significant MAW, with the majority of replacements being predicted harmful. We provide a web-based, interactive database of significant MAWs across genomes and proteomes.}",
    issn = {0305-1048},
    doi = {10.1093/nar/gkab139},
    url = {https://doi.org/10.1093/nar/gkab139},
    note = {gkab139},
    eprint = {https://academic.oup.com/nar/advance-article-pdf/doi/10.1093/nar/gkab139/36541579/gkab139.pdf},
}

